@article{Ardhuin_and_Jenkins_2006,
  author    = {Fabrice Ardhuin and Alastair D. Jenkins},
  doi       = {10.1175/jpo2862.1},
  journal   = {Journal of Physical Oceanography},
  month     = {mar},
  number    = {3},
  pages     = {551--557},
  publisher = {American Meteorological Society},
  title     = {On the Interaction of Surface Waves and Upper Ocean Turbulence},
  volume    = {36},
  year      = {2006}
}
@article{Belcher_etal_2012,
  author    = {Stephen E. Belcher and Alan L. M. Grant and Kirsty E. Hanley and
               Baylor Fox-Kemper and Luke Van Roekel and Peter P. Sullivan and
               William G. Large and Andy Brown and Adrian Hines and Daley
               Calvert and Anna Rutgersson and Heidi Pettersson and Jean-Raymond
               Bidlot and Peter A. E. M. Janssen and Jeff A. Polton},
  doi       = {10.1029/2012gl052932},
  file      = {./pdfs/Belcher_etal_2012.pdf},
  journal   = {Geophysical Research Letters},
  month     = {sep},
  number    = {18},
  publisher = {Wiley-Blackwell},
  title     = {A global perspective on Langmuir turbulence in the ocean surface
               boundary layer},
  volume    = {39},
  year      = {2012}
}
